<record><leader>00000cas a22000007a 4500</leader><controlfield tag="001">1644636</controlfield><controlfield tag="008">750921d18641868mnuwr ne      0    0eng  </controlfield><datafield ind1=" " ind2=" " tag="010"><subfield code="a">sn 83016593 </subfield></datafield><datafield ind1=" " ind2=" " tag="040"><subfield code="a">DLC</subfield><subfield code="b">eng</subfield><subfield code="c">MUL</subfield><subfield code="d">DLC</subfield><subfield code="d">NPU</subfield><subfield code="d">NPX</subfield><subfield code="d">MN#</subfield><subfield code="d">OCL</subfield><subfield code="d">OCLCF</subfield><subfield code="d">OCLCO</subfield><subfield code="d">AQM</subfield><subfield code="d">OCLCQ</subfield></datafield><datafield ind1=" " ind2=" " tag="019"><subfield code="a">192044740</subfield></datafield><datafield ind1=" " ind2=" " tag="042"><subfield code="a">msc</subfield></datafield><datafield ind1=" " ind2=" " tag="043"><subfield code="a">n-us-mn</subfield></datafield><datafield ind1="0" ind2="0" tag="050"><subfield code="a">Newspaper 8479</subfield></datafield><datafield ind1=" " ind2=" " tag="052"><subfield code="a">4144</subfield><subfield code="b">M3</subfield></datafield><datafield ind1=" " ind2=" " tag="052"><subfield code="a">4143</subfield><subfield code="b">B6</subfield></datafield><datafield ind1="0" ind2="4" tag="245"><subfield code="a">The Mankato union.</subfield></datafield><datafield ind1="1" ind2="3" tag="246"><subfield code="a">Mankato weekly union</subfield></datafield><datafield ind1=" " ind2=" " tag="260"><subfield code="a">Mankato, Blue Earth County, Minn. :</subfield><subfield code="b">Charles H. Slocum,</subfield><subfield code="c">1864-1868.</subfield></datafield><datafield ind1=" " ind2=" " tag="300"><subfield code="a">4 volumes</subfield></datafield><datafield ind1=" " ind2=" " tag="310"><subfield code="a">Weekly</subfield></datafield><datafield ind1=" " ind2=" " tag="336"><subfield code="a">text</subfield><subfield code="b">txt</subfield><subfield code="2">rdacontent</subfield></datafield><datafield ind1=" " ind2=" " tag="337"><subfield code="a">unmediated</subfield><subfield code="b">n</subfield><subfield code="2">rdamedia</subfield></datafield><datafield ind1=" " ind2=" " tag="338"><subfield code="a">volume</subfield><subfield code="b">nc</subfield><subfield code="2">rdacarrier</subfield></datafield><datafield ind1="0" ind2=" " tag="362"><subfield code="a">Vol. 2, no. 22 (Dec. 9, 1864)-v. 4, no. 52 (July 5, 1867) ; v. 11, no. 1 (July 12, 1867)-v. 11, no. 49 (June 12, 1868).</subfield></datafield><datafield ind1=" " ind2="0" tag="651"><subfield code="a">Mankato (Minn.)</subfield><subfield code="v">Newspapers.</subfield></datafield><datafield ind1=" " ind2="7" tag="651"><subfield code="a">Minnesota</subfield><subfield code="z">Mankato.</subfield><subfield code="2">fast</subfield><subfield code="0">(OCoLC)fst01208513</subfield></datafield><datafield ind1=" " ind2="7" tag="655"><subfield code="a">Newspapers.</subfield><subfield code="2">fast</subfield><subfield code="0">(OCoLC)fst01423814</subfield></datafield><datafield ind1=" " ind2="7" tag="655"><subfield code="a">Newspapers.</subfield><subfield code="2">rbgenr</subfield></datafield><datafield ind1=" " ind2=" " tag="752"><subfield code="a">United States</subfield><subfield code="b">Minnesota</subfield><subfield code="c">Blue Earth</subfield><subfield code="d">Mankato.</subfield></datafield><datafield ind1="0" ind2="0" tag="780"><subfield code="t">Mankato weekly union (Mankato, Minn. : 1863)</subfield><subfield code="w">(DLC)sn 83016592</subfield></datafield><datafield ind1="0" ind2="0" tag="785"><subfield code="t">Mankato weekly union (Mankato, Minn. : 1868)</subfield><subfield code="w">(DLC)sn 89081080</subfield></datafield><datafield ind1="1" ind2=" " tag="029"><subfield code="a">AU@</subfield><subfield code="b">000020225826</subfield></datafield></record>